@inproceedings{cheng_efsm,
  author    = {Kwang{-}Ting Cheng and
               A. S. Krishnakumar},
  title     = {Automatic Functional Test Generation Using the Extended Finite State
               Machine Model},
  booktitle = {Proceedings of the 30th Design Automation Conference. Dallas, Texas,
               USA, June 14-18, 1993.},
  pages     = {86--91},
  year      = {1993},
  publisher = {{ACM} Press},
  doi       = {10.1145/157485.164585},
}

@inproceedings{shiple_efsm,
  author    = {Thomas R. Shiple and
               James H. Kukula and
               Rajeev K. Ranjan},
  title     = {A Comparison of {Presburger} Engines for {EFSM} Reachability},
  booktitle = {Computer Aided Verification, 10th International Conference, {CAV}
               '98, Vancouver, BC, Canada, June 28 - July 2, 1998, Proceedings},
  pages     = {280--292},
  year      = {1998},
  series    = {Lecture Notes in Computer Science},
  volume    = {1427},
  publisher = {Springer},
  doi       = {10.1007/BFb0028752},
}

@inproceedings{jha_extended,
  author    = {Randy Smith and
               Cristian Estan and
               Somesh Jha and
               Ida Siahaan},
  title     = {Fast Signature Matching Using Extended Finite Automaton {(XFA)}},
  booktitle = {{ICISS}'08},
  pages     = {158--172},
  year      = {2008},
  series    = {LNCS},
  volume    = {5352},
  publisher = {Springer},
  doi       = {10.1007/978-3-540-89862-7\_15},
}

@inproceedings{abdulla_rautomata,
  author    = {Parosh Aziz Abdulla and
               Pavel Kr\v{c}{\'{a}}l and
               Wang Yi},
  title     = {R-Automata},
  booktitle = {{CONCUR}'08},
  pages     = {67--81},
  year      = {2008},
  series    = {LNCS},
  volume    = {5201},
  publisher = {Springer},
  doi       = {10.1007/978-3-540-85361-9\_9},
}

@inproceedings{boigelot_symbolic,
  author    = {Bernard Boigelot and
               Pierre Wolper},
  title     = {Symbolic Verification with Periodic Sets},
  booktitle = {{CAV}'94},
  pages     = {55--67},
  year      = {1994},
  series    = {LNCS},
  volume    = {818},
  publisher = {Springer},
  doi       = {10.1007/3-540-58179-0\_43},
}

@article{rex,
  author    = {Asiri Rathnayake and
               Hayo Thielecke},
  title     = {Static Analysis for Regular Expression Exponential Runtime via Substructural
               Logics},
  journal   = {CoRR},
  volume    = {abs/1405.7058},
  year      = {2014}}
  
  @inproceedings{regexStatic,
  author    = {Nicolaas Weideman and
               Brink van der Merwe and
               Martin Berglund and
               Bruce W. Watson},
    title     = {Analyzing Matching Time Behavior of Backtracking Regular Expression
               Matchers by Using Ambiguity of {NFA}},
  booktitle = {Implementation and Application of Automata - 21st International Conference,
               {CIAA} 2016, Seoul, South Korea, July 19-22, 2016, Proceedings},
  series    = {LNCS},
  volume    = {9705},
  pages     = {322--334},
  publisher = {Springer},
  year      = {2016}}

@article{rexploiter,
  author    = {Valentin W{\"{u}}stholz and
               Oswaldo Olivo and
               Marijn J. H. Heule and
               Isil Dillig},
  title     = {Static Detection of DoS Vulnerabilities in Programs that use Regular
               Expressions (Extended Version)},
  journal   = {CoRR},
  volume    = {abs/1701.04045},
  year      = {2017}}

@inproceedings{boigelot_overivew,
  author    = {Bernard Boigelot and
               Pierre Wolper},
  title     = {Representing Arithmetic Constraints with Finite Automata: An Overview},
  booktitle = {Logic Programming, 18th International Conference, {ICLP} 2002, Copenhagen,
               Denmark, July 29 - August 1, 2002, Proceedings},
  pages     = {1--19},
  year      = {2002},
  series    = {Lecture Notes in Computer Science},
  volume    = {2401},
  publisher = {Springer},
  doi       = {10.1007/3-540-45619-8\_1},
}

@article{finkel_fast,
  author    = {S{\'{e}}bastien Bardin and
               Alain Finkel and
               J{\'{e}}r{\^{o}}me Leroux and
               Laure Petrucci},
  title     = {{FAST:} acceleration from theory to practice},
  journal   = {{STTT}},
  volume    = {10},
  number    = {5},
  pages     = {401--424},
  year      = {2008},
  url       = {https://doi.org/10.1007/s10009-008-0064-3},
  doi       = {10.1007/s10009-008-0064-3},
  timestamp = {Sat, 16 Sep 2017 12:04:56 +0200},
  biburl    = {http://dblp.org/rec/bib/journals/sttt/BardinFLP08},
  bibsource = {dblp computer science bibliography, http://dblp.org},
   doi       = {10.1007/s10009-008-0064-3},
}

@article{exact_absint,
 author = {Giacobazzi, Roberto and Ranzato, Francesco and Scozzari, Francesca},
 title = {Making Abstract Interpretations Complete},
 journal = {J. ACM},
 issue_date = {March 2000},
 volume = {47},
 number = {2},
 month = mar,
 year = {2000},
 issn = {0004-5411},
 pages = {361--416},
 numpages = {56},
 url = {http://doi.acm.org/10.1145/333979.333989},
 doi = {10.1145/333979.333989},
 acmid = {333989},
 publisher = {ACM},
 address = {New York, NY, USA},
 doi       = {10.1145/333979.333989},
} 

@article{Brzozowski64_derivatives,
  author    = {Janusz A. Brzozowski},
  title     = {Derivatives of Regular Expressions},
  journal   = {J. {ACM}},
  volume    = {11},
  number    = {4},
  pages     = {481--494},
  year      = {1964},
  url       = {http://doi.acm.org/10.1145/321239.321249},
  doi       = {10.1145/321239.321249},
  timestamp = {Thu, 26 Jan 2012 17:31:32 +0100},
  biburl    = {https://dblp.org/rec/bib/journals/jacm/Brzozowski64},
  bibsource = {dblp computer science bibliography, https://dblp.org},
  doi       = {10.1145/321239.321249},
}


@article{Antimirov96_partderivatives,
title = "Partial derivatives of regular expressions and finite automaton constructions",
journal = "Theoretical Computer Science",
volume = "155",
number = "2",
pages = "291 - 319",
year = "1996",
issn = "0304-3975",
doi = "https://doi.org/10.1016/0304-3975(95)00182-4",
url = "http://www.sciencedirect.com/science/article/pii/0304397595001824",
author = "Valentin Antimirov",
doi       = {10.1016/0304-3975(95)00182-4},
}

@InProceedings{Champarnaud11_extended,
author="Caron, Pascal
and Champarnaud, Jean-Marc
and Mignot, Ludovic",
title="Partial Derivatives of an Extended Regular Expression",
booktitle="Language and Automata Theory and Applications",
year="2011",
publisher="Springer Berlin Heidelberg",
address="Berlin, Heidelberg",
pages="179--191",
isbn="978-3-642-21254-3",
doi       = {10.1007/978-3-642-21254-3\_13},
}


@InProceedings{Allauzen06_unified,
author="Allauzen, Cyril
and Mohri, Mehryar",
title="A Unified Construction of the {Glushkov}, Follow, and {Antimirov} Automata",
booktitle="Mathematical Foundations of Computer Science 2006",
year="2006",
publisher="Springer Berlin Heidelberg",
address="Berlin, Heidelberg",
pages="110--121",
isbn="978-3-540-37793-1",
doi       = {10.1007/11821069\_10},
}

@InProceedings{Gelade09_countingregex,
author="Gelade, Wouter
and Gyssens, Marc
and Martens, Wim",
title="Regular Expressions with Counting: Weak versus Strong Determinism",
booktitle="Mathematical Foundations of Computer Science 2009",
year="2009",
publisher="Springer Berlin Heidelberg",
address="Berlin, Heidelberg",
pages="369--381",
isbn="978-3-642-03816-7",
doi       = {10.1007/978-3-642-03816-7\_32},
}

@Article{GGM12,
author="Gelade, Wouter
and Gyssens, Marc
and Martens, Wim",
  title = 	 {Regular Expressions with Counting: Weak versus Strong Determinism},
  journal = 	 {SIAM J. Comput.},
  year = 	 {2012},
  volume = 	 {41},
  number = 	 {1},
  pages = 	 {160--190},
  note = 	 {Extended version of paper in MFCS'09},
  doi       = {10.1137/100814196},
}

@article{Chen15_counting,
title = "Checking determinism of regular expressions with counting",
journal = "Information and Computation",
volume = "241",
pages = "302 - 320",
year = "2015",
issn = "0890-5401",
doi = "https://doi.org/10.1016/j.ic.2014.12.001",
url = "http://www.sciencedirect.com/science/article/pii/S0890540114001539",
author = "Haiming Chen and Ping Lu",
keywords = "DTD, Nondeterminism locating, Regular expressions, Weak and strong determinism, XML Schema",
doi       = {10.1016/j.ic.2014.12.001},
}


@InProceedings{Hovland-Membership2012,
author="Hovland, Dag",
title="The Membership Problem for Regular Expressions with Unordered Concatenation and Numerical Constraints",
booktitle="Language and Automata Theory and Applications",
year="2012",
publisher="Springer Berlin Heidelberg",
address="Berlin, Heidelberg",
pages="313--324",
isbn="978-3-642-28332-1",
doi       = {10.1007/978-3-642-28332-1\_27},
},

@online{Sperberg-McQueen-ExtendedFAWeb,
author="Michael Sperberg-McQueen",
title="Notes on finite state automata with counters",
url="https://www.w3.org/XML/2004/05/msm-cfa.html",
howpublished = {\url{https://www.w3.org/XML/2004/05/msm-cfa.html}},
note = {Accessed: 2018-08-08}
}

@InProceedings{Hovland09,
  author = 	 {Dag Hovland},
  title = 	 {Regular Expressions with Numerical Constraints and Automata with Counters},
  booktitle = {ICTAC},
  year = 	 {2009},
  volume = 	 {5684},
  series = 	 {LNCS},
  pages = 	 {231--245},
  publisher = {Springer},
  doi       = {10.1007/978-3-642-03466-4\_15},
}

@Article{KilTuh07,
  author = 	 {Pekka Kilpel\"ainen and Rauno Tuhkanen},
  title = 	 {One-unambiguity of regular expressions with numeric occurrence indicators},
  journal = 	 {Information and Computation},
  year = 	 {2007},
  volume = 	 {205},
  number = 	 {6},
  pages = 	 {890--916},
  doi       = {10.1016/j.ic.2006.12.003},
}

 @InProceedings{GMN07,
  author = 	 {Wouter Gelade and Wim Martens and Frank Neven},
  title = 	 {Optimizing schema languages for XML: Numerical constraints and interleaving},
  booktitle = {Proceedings of ICDT'07},
  year = 	 {2007},
  volume = 	 {4353},
  series = 	 {LNCS},
  pages = 	 {269--283},
  publisher = {Springer},
  doi       = {10.1007/11965893\_19},
}

@inproceedings{VSXW19,
  author    = {Olli Saarikivi and
               Margus Veanes and
               Tiki Wan and
               Eric Xu},
  editor    = {Tom{\'{a}}s Vojnar and
               Lijun Zhang},
  title     = {Symbolic Regex Matcher},
  booktitle = {TACAS'2019},
  series    = {LNCS},
  volume    = {11427},
  pages     = {372--378},
  publisher = {Springer},
  year      = {2019},
  url       = {https://doi.org/10.1007/978-3-030-17462-0\_24},
  doi       = {10.1007/978-3-030-17462-0\_24},
  biburl    = {https://dblp.org/rec/conf/tacas/SaarikiviVWX19.bib},
}

@InProceedings{SEJ08,
  author = 	 {Randy Smith and Cristian Estan and Somesh Jha},
  title = 	 {{XFA:} Faster Signature Matching with Extended Automata},
  booktitle = {IEEE Symposium on Security and Privacy},
  year = 	 {2008},
  publisher = {IEEE},
   doi       = {10.1109/SP.2008.14},
}

@Article{Glu61,
  author = 	 {Glushkov, V. M.},
  title = 	 {The abstract theory of automata},
  journal = 	 {Russian Math. Surveys},
  year = 	 {1961},
  volume = 	 {16},
  pages = 	 {1--53},
  doi ={10.1070/RM1961v016n05ABEH004112}

}

@Article{BW98,
  author = 	 {Anne Br\"{u}ggemann-Klein and Derick Wood},
  title = 	 {One-unambiguous regular languages},
  journal = 	 {Information and Computation},
  year = 	 {1998},
  volume = 	 {140},
  number = 	 {2},
  doi       = {10.1006/inco.1997.2695},
  pages = 	 {229--253},
}

@Article{BP96,
  author = 	 {Jean Berstel and Jean{-}\'{E}ric Pin},
  title = 	 {Local languages and the {Berry-Sethi} algorithm},
  journal = 	 {Theoret. Comput. Sci.},
  year = 	 {1996},
  volume = 	 {155},
  number = 	 {2},
  pages = 	 {439--446},
  doi       = {10.1016/0304-3975(95)00104-2},
}

@article{LOMBARDY2005141,
title = "Derivatives of rational expressions with multiplicity",
journal = "Theoretical Computer Science",
volume = "332",
number = "1",
pages = "141 - 177",
 doi       = {10.1016/j.tcs.2004.10.016},
year = "2005",
author = "Sylvain Lombardy and Jacques Sakarovitch",
}

@InProceedings{CZ01,
  author = 	 {Jean-Marc Champarnaud and Djelloul Ziadi},
  title = 	 {Computing the equation automaton of a regular expression in ${O}(s^2)$ space and time},
  booktitle = {Proceedings of CPM 2001},
  year = 	 {2001},
  volume = 	 {2089},
  series = 	 {LNCS},
  pages = 	 {157--168},
  publisher = {Springer},
  doi       = {10.1007/3-540-48194-X\_15},
}

@Article{IlieYu03,
  author = 	 {Lucian Ilie and Sheng Yu},
  title = 	 {Follow automata},
  journal = 	 {Information and Computation},
  year = 	 {2003},
  volume = 	 {186},
  number = 	 {1},
  pages = 	 {146--162},
    doi       = {10.1016/S0890-5401(03)00090-7},
}

@article{Fis10,
 author = {Fischer, Sebastian and Huch, Frank and Wilke, Thomas},
 title = {A Play on Regular Expressions: Functional Pearl},
 journal = {SIGPLAN Not.},
 issue_date = {September 2010},
 volume = {45},
 number = {9},
 year = {2010},
 pages = {357--368},
 doi       = {10.1145/1863543.1863594},
} 

@article{Owens09,
 author = {Owens, Scott and Reppy, John and Turon, Aaron},
 title = {Regular-expression Derivatives Re-examined},
 journal = {J. Funct. Program.},
 volume = {19},
 number = {2},
 year = {2009},
 pages = {173--190},
 doi       = {10.1017/S0956796808007090},
}

@inproceedings{SfaMinPOPL14,
 author = {D'Antoni, Loris and Veanes, Margus},
 title = {Minimization of Symbolic Automata},
 booktitle = {Proceedings of the 41st ACM SIGPLAN-SIGACT Symposium on Principles of Programming Languages},
 series = {POPL '14},
 year = {2014},
 isbn = {978-1-4503-2544-8},
 location = {San Diego, California, USA},
 pages = {541--553},
 numpages = {13},
 url = {http://doi.acm.org/10.1145/2535838.2535849},
 doi = {10.1145/2535838.2535849},
 acmid = {2535849},
 publisher = {ACM},
 address = {New York, NY, USA},
 keywords = {minimization, symbolic automata},
 doi       = {10.1145/2535838.2535849},
}

@Article{BeSe86,
  author = 	 {Gerard Berry and Ravi Sethi},
  title = 	 {From regular expressions to deterministic automata},
  journal = 	 {Theoretical Computer Science},
  year = 	 {1986},
  volume = 	 {48},
  number = 	 {3},
  pages = 	 {117--126},
  doi       = {10.1016/0304-3975(86)90088-5},
}

@inproceedings{slowfuzz,
  author    = {Theofilos Petsios and
               Jason Zhao and
               Angelos D. Keromytis and
               Suman Jana},
  title     = {SlowFuzz: Automated Domain-Independent Detection of Algorithmic Complexity
               Vulnerabilities},
  booktitle = {CCS}'17},
  pages     = {2155--2168},
  publisher = {{ACM}},
  year      = {2017},}
  
  @inproceedings{rescue,
  author    = {Yuju Shen and
               Yanyan Jiang and
               Chang Xu and
               Ping Yu and
               Xiaoxing Ma and
               Jian Lu},
  title     = {ReScue: crafting regular expression DoS attacks},
  booktitle = {{ASE}'18},
  pages     = {225--235},
  publisher = {{ACM}},
  year      = {2018},}

@Article{Br93,
  author = 	 {Br\"uggemann-Klein, A.},
  title = 	 {Regular expressions into finite automata},
  journal = 	 {Theoretical Computer Science},
  year = 	 {1993},
  volume = 	 {120},
  number = 	 {2},
  doi       = {10.1016/0304-3975(93)90287-4},
  pages = 	 {197--213},
}

@inproceedings{staticAna,
  author    = {James Kirrage and
               Asiri Rathnayake and
               Hayo Thielecke},
  title     = {Static Analysis for Regular Expression Denial-of-Service Attacks},
  booktitle = { {NSS}'13},
  series    = {LNCS},
  volume    = {7873},
  pages     = {135--148},
  publisher = {Springer},
  year      = {2013},}

@inproceedings{cikm15,
  author    = {Henrik Bj\"{o}rklund and
               Wim Martens and
               Thomas Timm},
  title     = {Efficient Incremental Evaluation of Succinct Regular Expressions},
  booktitle = {{CIKM}'15},
   doi       = {10.1145/2806416.2806434},
  year      = {2015},
  series    = {ACM},
}

@Misc{libfuzz,
  author = "{LLVM project}",
  title = "{libFuzzer: A library for coverage-guided fuzz testing}",
  note =  "{\url{https://llvm.org/docs/LibFuzzer.html}}",
}

@Misc{sdl1,
  author = "{Bryan Sullivan}",
  title = "{New Tool: SDL Regex Fuzzer}",
  note =  "{\url{https://www.microsoft.com/security/blog/2010/10/12/new-tool-sdl-regex-fuzzer/}}",
}


@Misc{automata_library,
  author = "{Microsoft Automata library}",
  title = "{Automata and transducer library for .NET}",
  note =  "{\url{https://github.com/AutomataDotNet/Automata}}",
}

@Misc{regexlib,
  author = "RegExLib.com",
  title = "{The Internet's first Regular Expression Library, }",
  note =  "{\url{http://regexlib.com/}}",
}

@Misc{stack,
  author = "stackOverflow.com",
  title = "{Question and answer site for programmers, }",
  note =  "{\url{http://stackoverflow.com/}}",
}

@MISC{snort,
 author = "{{M. Roesch et al.}}",
 title = "{Snort: A Network Intrusion Detection and Prevention System,}",
 address = {Cisco and/or its affiliates},
 note = "{\url{http://www.snort.org}}",
}

@MISC{bro,
 author = "{{Robin Sommer et al.}}",
 title = "{The {Bro} Network Security Monitor}",
 note = "{\url{http://www.bro.org}}",
}

@MISC{sagan,
 author = "{{The Sagan team}}",
 title = "{The {Sagan} Log Analysis Engine}",
 note = {\url{https://quadrantsec.com/sagan\_log\_analysis\_engine/}},
}

@InProceedings{yang2010,
author="Yang, Liu
and Karim, Rezwana
and Ganapathy, Vinod
and Smith, Randy",
title="Improving {NFA}-Based Signature Matching Using Ordered Binary Decision Diagrams",
booktitle="Recent Advances in Intrusion Detection",
year="2010",
publisher="Springer Berlin Heidelberg",
address="Berlin, Heidelberg",
doi       = {10.1007/978-3-642-15512-3\_4},
pages="58--78",
}

@InProceedings{ultimate:ketchup,
  author = 	 {M. Heizmann and J. Hoenicke and A. Podelski},
  title = 	 {Software Model Checking for People Who Love Automata},
  booktitle =    {Proc. of CAV'13},
  year = 	 {2013},
  volume = 	 {8044},
  series = 	 {LNCS},
  publisher =    {Springer},
  pages = 	 {36--52},
  doi       = {10.1007/978-3-642-39799-8\_2},
}

@inproceedings{tacas18-appred,
  author    = {Milan \v{C}e\v{s}ka and
               Vojt\v{e}ch Havlena and
               Luk\'{a}\v{s} Hol\'{i}k and
               Ond\v{r}ej Leng\'{a}l and
               Tom\'{a}\v{s} Vojnar},
  title     = {Approximate Reduction of Finite Automata for High-Speed Network
               Intrusion Detection},
  booktitle = {Proc.\ of TACAS'18},
  publisher = {Springer},
  series    = {LNCS},
  volume    = {10806},
  year      = {2018},
  doi       = {10.1007/978-3-319-89963-3\_9},
}

@InProceedings{5algos,
author="van Glabbeek, Rob
and Ploeger, Bas",
title="Five Determinisation Algorithms",
booktitle="Implementation and Applications of Automata",
year="2008",
publisher="Springer Berlin Heidelberg",
address="Berlin, Heidelberg",
pages="161--170",
doi       = {10.1007/978-3-540-70844-5},
}

@Misc{microsoft-industr,
  author = "\blinded{}",
}

@inproceedings{rethinkingregexes,
 author = {Davis, James C.},
 title = {Rethinking Regex Engines to Address ReDoS},
 booktitle = {Proceedings of ESEC/FSE'19},
 series = {ESEC/FSE 2019},
 year = {2019},
 doi       = {10.1145/3338906.3342509},
 isbn = {978-1-4503-5572-8},
 location = {Tallinn, Estonia},
 pages = {1256--1258},
 numpages = {3},
 url = {http://doi.acm.org/10.1145/3338906.3342509},
 doi = {10.1145/3338906.3342509},
 acmid = {3342509},
 publisher = {ACM},
 address = {New York, NY, USA},
 keywords = {REDOS, Regular expressions, catastrophic backtracking, empirical software engineering},
} 

@inproceedings{redosimpact,
 author = {Davis, James C. and Coghlan, Christy A. and Servant, Francisco and Lee, Dongyoon},
 title = {The Impact of Regular Expression Denial of Service (ReDoS) in Practice: An Empirical Study at the Ecosystem Scale},
 booktitle = {Proceedings of ESEC/FSE'18},
 series = {ESEC/FSE 2018},
 doi       = {10.1145/3236024.3236027},
 year = {2018},
 isbn = {978-1-4503-5573-5},
 location = {Lake Buena Vista, FL, USA},
 pages = {246--256},
 numpages = {11},
 url = {http://doi.acm.org/10.1145/3236024.3236027},
 doi = {10.1145/3236024.3236027},
 acmid = {3236027},
 publisher = {ACM},
 address = {New York, NY, USA},
 keywords = {ReDoS, Regular expressions, catastrophic backtracking, empirical software engineering, mining software repositories},
} 

@online{regexwiki,
  author={Wikipedia contributors},
  title={Regular expression---Wikipedia},
  year = {2019},
  url = {https://en.wikipedia.org/w/index.php?title=Regular_expression&%20oldid=852858998},
  urldate = {2019-09-21},
}
@online{dotnet,
url = {https://docs.microsoft.com/en-us/dotnet/api/system.text.regularexpressions.regex.match},
  author={Microsoft},
  year = {2020},
  urldate = {2020-05-13},
}
@online{ReDOSwiki,
  author={Wikipedia contributors},
  title={ReDoS---Wikipedia},
  year = {2020},
  url = {https://en.wikipedia.org/wiki/ReDoS},
  urldate = {2020-05-03},
}

@online{cloudfareoutage,
  author={John Graham-Cumming},
  title={Details of the Cloudflare outage on July 2, 2019},
  year = {2019},
  url = {https://blog.cloudflare.com/details-of-the-cloudflare-outage-on-july-2-2019/},
  urldate = {2019-09-21},
}

@online{stackoutage,
author = {Stack Exchange}, 
year = {2016}, 
title = {Outage Postmortem}, 
url = {http://stackstatus.net/post/147710624694/outage-postmortem-july-20-2016},
urldate = {2019-09-21},
}


@online{expressjsoutage,
author = {Adam Baldwin}, 
year = {2016}, 
title = {Regular Expression Denial of Service affecting Express.js}, 
url = {http://web.archive.org/web/20170116160113/https://medium.com/node-security/regular-expression-denial-of-service-affecting-express-js-9c397c164c43},
urldate = {2019-09-21},
}


@incollection{spencermatching,
 author = {Spencer, Henry},
 chapter = {A Regular-expression Matcher},
 title = {Software Solutions in C},
 year = {1994},
 isbn = {012-632-3607},
 pages = {35--71},
 numpages = {37},
 url = {http://dl.acm.org/citation.cfm?id=156626.184689},
 acmid = {184689},
 publisher = {Academic Press Professional, Inc.},
 address = {San Diego, CA, USA},
} 

@book{sipser,
author = {Michael Sipser},
title = {Introduction to Theory of Computation},
volume = 2,
publisher = {Thomson Course Technology Boston},
year = {2006},
doi = {10.1145/230514.571645}
}

@article{thompsonmatching,
 author = {Thompson, Ken},
 title = {Programming Techniques: Regular Expression Search Algorithm},
 journal = {Commun. ACM},
 issue_date = {June 1968},
 volume = {11},
 number = {6},
 month = jun,
 year = {1968},
 issn = {0001-0782},
 pages = {419--422},
 numpages = {4},
 url = {http://doi.acm.org/10.1145/363347.363387},
 doi = {10.1145/363347.363387},
 acmid = {363387},
 publisher = {ACM},
 address = {New York, NY, USA},
 keywords = {match, regular expression, search},
} 

@InProceedings{aplas19,
  author = 	 {Luk\'{a}\v{s} Hol\'{\i}k and Ond\v{r}ej Leng\'{a}l and Olli Saarikivi
    and Lenka Turo\v{n}ov\'{a} and Margus Veanes and Tom\'{a}\v{s} Vojnar},
  title = 	 {Succinct Determinisation of Counting Automata via Sphere Construction},
  booktitle =    {Proc. of APLAS'19},
  year = 	 {2019},
  volume = 	 {11893},
  series = 	 {LNCS},
  pages = 	 {468--489},
  doi       = {10.1007/978-3-030-34175-6\_24},
  publisher =    {Springer},
}

@MISC{grep,
 author = {Mike Haertel and others},
 title = {{GNU \grep}},
 note = {\url{https://www.gnu.org/software/grep/}},
}

@MISC{why-gnu-grep-is-fast,
 author = {Mike Haertel},
 title = {why {GNU} \grep is fast},
 note = {\url{https://lists.freebsd.org/pipermail/freebsd-current/2010-August/019310.html}}
  }

@MISC{mono,
 author = {Mono project},
 title = {{Mono}},
 note = {\url{https://www.mono-project.com/}},
}

@MISC{re2,
 author = {{Google}},
 title = {{\retwo}},
 note = {\url{https://github.com/google/re2}},
}

@MISC{chipmunk,
 author = {Lenka Turo\v{n}ov\'{a} and
           Luk\'{a}\v{s} Hol\'{\i}k and
           Ond\v{r}ej Leng\'{a}l and
           Olli Saarikivi and
           Margus Veanes and
           Tom\'{a}\v{s} Vojnar},
 title = {{Automata library}},
 note = {\url{https://pajda.fit.vutbr.cz/ituronova/countingautomata}},
}

@MISC{regexes-in-the-wild,
 author = {Russ Cox},
 title = {Regular Expression Matching in the Wild},
 note = {\url{https://swtch.com/~rsc/regexp/regexp3.html}},
 month = {March},
 year = {2010}
}

@inproceedings{DavisMCSL19,
 author = {Davis, James C. and Michael IV, Louis G. and Coghlan, Christy A. and Servant, Francisco and Lee, Dongyoon},
 title = {Why Aren't Regular Expressions a Lingua Franca? An Empirical Study on the Re-use and Portability of Regular Expressions},
 booktitle = {Proceedings of ESEC/FSE'19},
 series = {ESEC/FSE 2019},
 year = {2019},
 isbn = {978-1-4503-5572-8},
 location = {Tallinn, Estonia},
 pages = {1256--1258},
 doi       = {10.1145/3338906.3338909},
 numpages = {3},
 url = {http://doi.acm.org/10.1145/3338906.3342509},
 doi = {10.1145/3338906.3342509},
 acmid = {3342509},
 publisher = {ACM},
 address = {New York, NY, USA},
 keywords = {REDOS, Regular expressions, catastrophic backtracking, empirical software engineering},
} 

@article{Satoshi14,
  title={Checking Time Linearity of Regular Expression Matching Based on Backtracking},
  author={Satoshi Sugiyama and Yasuhiko Minamide},
  journal={IPSJ Online Transactions},
  volume={7},
  number={ },
  pages={82-92},
  year={2014},
  doi={10.2197/ipsjtrans.7.82}
}

@phdthesis{rxxr2thesis,
  author    = {Asiri Rathnayake},
  title     = {Semantics, analysis and security of backtracking regular expression
               matchers},
  school    = {University of Birmingham, {UK}},
  year      = {2015},}

@article{rxxr2,
  author    = {Asiri Rathnayake and
               Hayo Thielecke},
  title     = {Static Analysis for Regular Expression Exponential Runtime via Substructural
               Logics},
  journal   = {CoRR},
  volume    = {abs/1405.7058},
  year      = {2014},}
  
  
  @inproceedings{rexploiter,
  author    = {Valentin W{\"{u}}stholz and
               Oswaldo Olivo and
               Marijn J. H. Heule and
               Isil Dillig},
  title     = {Static Detection of DoS Vulnerabilities in Programs that Use Regular
               Expressions},
  booktitle = {{TACAS}'17},
  series    = {LNCS},
  volume    = {10206},
  pages     = {3--20},
  year      = {2017},}
  
  @inproceedings{fuzz1,
  author    = {Patrice Godefroid and
               Michael Y. Levin and
               David A. Molnar},
  title     = {Automated Whitebox Fuzz Testing},
  booktitle = {Proceedings of the Network and Distributed System Security Symposium,
               {NDSS} 2008, San Diego, California, USA, 10th February - 13th February
               2008},
  publisher = {The Internet Society},
  year      = {2008},}
  
  inproceedings{weideman,
  author    = {Nicolaas Weideman and
               Brink van der Merwe and
               Martin Berglund and
               Bruce W. Watson},
  editor    = {Yo{-}Sub Han and
               Kai Salomaa},
  title     = {Analyzing Matching Time Behavior of Backtracking Regular Expression
               Matchers by Using Ambiguity of {NFA}},
  booktitle = {{CIAA}'16},
  series    = {LNCS},
  volume    = {9705},
  pages     = {322--334},
  publisher = {Springer},
  year      = {2016},}
  
@inproceedings{VeanesB12,
  author    = {Margus Veanes and
               Nikolaj Bj{\o}rner},
  editor    = {Cormac Flanagan and
               Barbara K{\"{o}}nig},
  title     = {Symbolic Automata: The Toolkit},
  booktitle = {Tools and Algorithms for the Construction and Analysis of Systems
               - 18th International Conference, {TACAS} 2012, Held as Part of the
               European Joint Conferences on Theory and Practice of Software, {ETAPS}
               2012, Tallinn, Estonia, March 24 - April 1, 2012. Proceedings},
  series    = {Lecture Notes in Computer Science},
  volume    = {7214},
  pages     = {472--477},
  publisher = {Springer},
  year      = {2012},
  url       = {https://doi.org/10.1007/978-3-642-28756-5\_33},
  doi       = {10.1007/978-3-642-28756-5\_33},
  timestamp = {Tue, 14 May 2019 10:00:53 +0200},
  biburl    = {https://dblp.org/rec/conf/tacas/VeanesB12.bib},
  bibsource = {dblp computer science bibliography, https://dblp.org}
}

@ARTICLE{posix,
  author={IEEE},
  journal={IEEE Std 1003.2-1992/INT, Dec. 1994 Ed.},
  title={IEEE Standard for Information Technology--Portable Operating System Interfaces (POSIX(R))--Part 2: Shell and Utilities},
  year={1993},
  volume={},
  number={},
  pages={1-64},
  doi = {10.1109/IEEESTD.2016.7582338}
}

@article{BoyerM77,
author = {Boyer, Robert S. and Moore, J. Strother},
title = {A Fast String Searching Algorithm},
year = {1977},
issue_date = {Oct. 1977},
publisher = {Association for Computing Machinery},
address = {New York, NY, USA},
volume = {20},
number = {10},
issn = {0001-0782},
url = {https://doi.org/10.1145/359842.359859},
doi = {10.1145/359842.359859},
journal = {Commun. ACM},
month = oct,
pages = {762–772},
numpages = {11},
keywords = {information retrieval, bibliographic search, text editing, linear time bound, pattern matching, computational complexity}
}

@inproceedings{SFAdeterm,
  author    = {Margus Veanes and
               Peli de Halleux and
               Nikolai Tillmann},
  title     = {Rex: Symbolic Regular Expression Explorer},
  booktitle = {Third International Conference on Software Testing, Verification and
               Validation, {ICST} 2010, Paris, France, April 7-9, 2010},
  pages     = {498--507},
  year      = {2010},
  url       = {https://ieeexplore.ieee.org/xpl/conhome/5477032/proceeding},
  isbn      = {978-0-7695-3990-4},
  timestamp = {Wed, 16 Oct 2019 14:14:54 +0200},
  biburl    = {https://dblp.org/rec/conf/icst/2010.bib},
  bibsource = {dblp computer science bibliography, https://dblp.org},
  doi       = {10.1109/ICST.2010.15},
}

@inproceedings {KT03,
  author = {Pekka Kilpel{\"{a}}inen and
               Rauno Tuhkanen},
  title = {Regular Expressions with Numerical Occurrence Indicators - preliminary
               results},
  booktitle = {Proceedings of the Eighth Symposium on Programming Languages and Software
               Tools, SPLST'03, Kuopio, Finland, June 17-18, 2003},
  pages = {163--173},
  publisher = {University of Kuopio, Department of Computer Science},
  year = {2003},
  isbn = {951-781-265-5},
  timestamp = {Thu, Sep 16 2004 07:34:47 +0200},
  biburl = {https://dblp.org/rec/conf/splst/2003.bib},
  bibsource = {dblp computer science bibliography, https://dblp.org}
}

@techreport{OOPSLA20TR,
 author = {Lenka Turo\v{n}ov\'{a} and
           Luk\'{a}\v{s} Hol\'{\i}k and
           Ond\v{r}ej Leng\'{a}l and
           Olli Saarikivi and
           Margus Veanes and
           Tom\'{a}\v{s} Vojnar},
   title       = {Regex Matching with Counting-Set Automata},
   institution = {Microsoft},
   number      = {MSR-TR-2020-31}, 
   year        = 2020,
   month      = September,
   doi = "10.5281/zenodo.3975566",
   url       = {https://www.microsoft.com/en-us/research/publication/counting-set-automata/},
}

@dataset{oopsla20-dataset,
  author       = {Luk\'{a}\v{s} Hol\'{i}k and
                  Ond\v{r}ej Leng\'{a}l and
                  Olli Saarikivi and
                  Lenka Turo\v{n}ov\'{a} and
                  Margus Veanes and
                  Tom\'{a}\v{s} Vojnar},
  title        = {{Dataset for the OOPSLA'20 paper ``Regex Matching 
                   with Counting-Set Automata''}},
  month        = aug,
  year         = 2020,
  publisher    = {Zenodo},
  doi          = {10.5281/zenodo.3974360},
  url          = {https://doi.org/10.5281/zenodo.3974360}
}

@Article{DV20,
  author = 	 {Loris D'Antoni and Margus Veanes},
  title = 	 {Automata Modulo Theories},
  journal = 	 {Commun. ACM},
  year = 	 {2020}
}
